@book{rudin1976principles,
  title={Principles of Mathematical Analysis},
  author={Rudin, Walter},
  isbn={9780070856134},
  lccn={75179033},
  series={International series in pure and applied Mathematics},
  year={1976},
  publisher={McGraw-Hill}
}

@book{lang1999,
  title={Complex Analysis},
  author={Lang, Serge},
  isbn="978-1-4757-3083-8",
  series={Graduate Texts in Mathematics},
  year={1999},
  publisher={Springer New York},
  doi={10.1007/978-1-4757-3083-8}
}

@book{paganisauce,
  title={Analisi Matematica},
  volume={1},
  author={Pagani,Carlo Domenico and Salsa, Sandro },
  isbn="9788808151339",
  year={2015},
  publisher={Zanichelli}
}
